[gd_scene load_steps=13 format=3 uid="uid://k30tqq76qed2"]

[ext_resource type="PackedScene" uid="uid://bj8ubryrtlrkn" path="res://player/player.tscn" id="1_567by"]
[ext_resource type="Script" path="res://pong/pong.gd" id="1_krdr5"]
[ext_resource type="PackedScene" uid="uid://1algxh04sbes" path="res://computer/computer.tscn" id="2_gmnai"]
[ext_resource type="PackedScene" uid="uid://d2uneck7876qg" path="res://ball/ball.tscn" id="3_jqmv2"]
[ext_resource type="Texture2D" uid="uid://d6ugg20jokl2" path="res://assets/wall-horizontal.png" id="4_nhq7q"]
[ext_resource type="Texture2D" uid="uid://suj1dvdytydi" path="res://assets/wall-vertical.png" id="6_i0jny"]
[ext_resource type="Texture2D" uid="uid://bl4gr5t3upcog" path="res://assets/middle-line.png" id="7_hf2o5"]
[ext_resource type="Script" path="res://pong/score.gd" id="8_yfkr3"]
[ext_resource type="FontFile" uid="uid://coons24q8dy1m" path="res://assets/alarm clock.ttf" id="9_ni2v3"]

[sub_resource type="RectangleShape2D" id="RectangleShape2D_k74t7"]
size = Vector2(1188, 20)

[sub_resource type="RectangleShape2D" id="RectangleShape2D_cmarm"]
size = Vector2(20, 600)

[sub_resource type="LabelSettings" id="LabelSettings_eh245"]
font = ExtResource("9_ni2v3")
font_size = 40

[node name="Pong" type="Node2D"]
script = ExtResource("1_krdr5")

[node name="Player" parent="." instance=ExtResource("1_567by")]

[node name="Computer" parent="." instance=ExtResource("2_gmnai")]

[node name="Ball" parent="." instance=ExtResource("3_jqmv2")]

[node name="UpperWall" type="StaticBody2D" parent="."]
position = Vector2(640, 40)

[node name="Sprite2D" type="Sprite2D" parent="UpperWall"]
texture = ExtResource("4_nhq7q")

[node name="CollisionShape2D" type="CollisionShape2D" parent="UpperWall"]
shape = SubResource("RectangleShape2D_k74t7")

[node name="LowerWall" type="StaticBody2D" parent="."]
position = Vector2(640, 680)

[node name="Sprite2D" type="Sprite2D" parent="LowerWall"]
texture = ExtResource("4_nhq7q")

[node name="CollisionShape2D" type="CollisionShape2D" parent="LowerWall"]
shape = SubResource("RectangleShape2D_k74t7")

[node name="LeftGoal" type="Area2D" parent="."]
position = Vector2(56, 360)
metadata/_edit_group_ = true

[node name="Sprite2D" type="Sprite2D" parent="LeftGoal"]
texture = ExtResource("6_i0jny")

[node name="CollisionShape2D" type="CollisionShape2D" parent="LeftGoal"]
shape = SubResource("RectangleShape2D_cmarm")

[node name="RightGoal" type="Area2D" parent="."]
position = Vector2(1224, 360)
metadata/_edit_group_ = true

[node name="Sprite2D" type="Sprite2D" parent="RightGoal"]
texture = ExtResource("6_i0jny")

[node name="CollisionShape2D" type="CollisionShape2D" parent="RightGoal"]
shape = SubResource("RectangleShape2D_cmarm")

[node name="Middle-line" type="Sprite2D" parent="."]
position = Vector2(640, 360)
texture = ExtResource("7_hf2o5")

[node name="Score" type="StaticBody2D" parent="."]
script = ExtResource("8_yfkr3")
metadata/_edit_group_ = true

[node name="PlayerScore" type="Label" parent="Score"]
offset_right = 116.0
offset_bottom = 43.0
label_settings = SubResource("LabelSettings_eh245")
horizontal_alignment = 2

[node name="ComputerScore" type="Label" parent="Score"]
offset_right = 116.0
offset_bottom = 43.0
label_settings = SubResource("LabelSettings_eh245")

[connection signal="body_entered" from="LeftGoal" to="." method="_on_left_goal_body_entered"]
[connection signal="body_entered" from="RightGoal" to="." method="_on_right_goal_body_entered"]
